<record><leader>00000cas a22000007a 4500</leader><controlfield tag="001">15023862</controlfield><controlfield tag="008">861230d18561857inuwr ne      0    0eng d</controlfield><datafield ind1=" " ind2=" " tag="010"><subfield code="a">sn 86059152 </subfield></datafield><datafield ind1=" " ind2=" " tag="040"><subfield code="a">NPI</subfield><subfield code="b">eng</subfield><subfield code="c">NPI</subfield><subfield code="d">OCLCQ</subfield></datafield><datafield ind1=" " ind2=" " tag="042"><subfield code="a">msc</subfield></datafield><datafield ind1="0" ind2=" " tag="130"><subfield code="a">Vincennes weekly western sun (Vincennes, Ind. : 1856)</subfield></datafield><datafield ind1="1" ind2="4" tag="245"><subfield code="a">The Vincennes weekly western sun.</subfield></datafield><datafield ind1=" " ind2=" " tag="260"><subfield code="a">Vincennes, Ind. :</subfield><subfield code="b">George E. Greene,</subfield><subfield code="c">1856-1857.</subfield></datafield><datafield ind1=" " ind2=" " tag="310"><subfield code="a">Weekly</subfield></datafield><datafield ind1="0" ind2=" " tag="362"><subfield code="a">New ser., v. 1, no. 1 (Aug. 23, 1856)-v. 2, no. 15 (Nov. 28, 1857) = old ser., v. 45.</subfield></datafield><datafield ind1=" " ind2=" " tag="752"><subfield code="a">United States</subfield><subfield code="b">Indiana</subfield><subfield code="c">Knox</subfield><subfield code="d">Vincennes.</subfield></datafield><datafield ind1="0" ind2="0" tag="780"><subfield code="t">Vincennes weekly courant &amp; patriot</subfield><subfield code="w">(DLC)sn 87055963</subfield></datafield><datafield ind1="0" ind2="0" tag="785"><subfield code="t">Weekly Vincennes western sun</subfield><subfield code="w">(DLC)sn 84038238</subfield><subfield code="w">(OCoLC)11265210</subfield></datafield></record>